% This file was created with JabRef 2.10.
% Encoding: UTF8

@article{smola2008introduction,
  title={Introduction to Machine Learning},
  author={Smola, Alex and Vishwanathan, SVN},
  journal={Cambridge University, UK},
  volume={32},
  pages={34},
  year={2008}
}

@book{shalev2014understanding,
  title={Understanding Machine Learning: From Theory to Algorithms},
  author={Shalev-Shwartz, Shai and Ben-David, Shai},
  year={2014},
  publisher={Cambridge University Press}
}

@article{nizza2003influencia,
  title={A influ{\^e}ncia da comunica{\c{c}}{\~a}o na busca de informa{\c{c}}{\~o}es do consumidor de varejo},
  author={Nizza, Clodoaldo Lopes},
  journal={Revista Pretexto},
  volume={4},
  number={1},
  year={2003}
}

@misc{emarketer2015,
  title={Worldwide retail ecommerce sales: emarketers updated estimates and forecast through 2019},
  author={{eMarketer, Inc}},
  year={2015},
  publisher={eMarketer}
}

@misc{mitchell2006discipline,
  title={The discipline of machine learning. July 2006 CMU-ML-06-108 School of Computer Science},
  author={Mitchell, Tom M},
  year={2006},
  publisher={Carnegie Mellon University, Pittsburgh, PA}
}

@misc{mitchell1997machine,
  title={Machine learning},
  author={Mitchell, Tom M and others},
  year={1997},
  publisher={McGraw-Hill New York}
}

@book{ricci2011introduction,
  title={Introduction to Recommender Systems Handbook},
  author={Ricci, Francesco and Rokach, Lior and Shapira, Bracha},
  year={2011},
  publisher={Springer}
}

@book{abbott2014applied,
  title={Applied Predictive Analytics: Principles and Techniques for the Professional Data Analyst},
  author={Abbott, Dean},
  year={2014},
  publisher={John Wiley \& Sons}
}

@inproceedings{su2006fast,
  title={A fast decision tree learning algorithm},
  author={Su, Jiang and Zhang, Harry},
  booktitle={AAAI},
  volume={6},
  pages={500--505},
  year={2006}
}

@incollection{rokach2005decision,
  title={Decision trees},
  author={Rokach, Lior and Maimon, Oded},
  booktitle={Data Mining and Knowledge Discovery Handbook},
  pages={165--192},
  year={2005},
  publisher={Springer}
}

@article{quinlan1986induction,
  title={Induction of decision trees},
  author={Quinlan, J. Ross},
  journal={Machine Learning},
  volume={1},
  number={1},
  pages={81--106},
  year={1986},
  publisher={Springer}
}

@article{suguna2010improved,
  title={An improved k-nearest neighbor classification using genetic algorithm},
  author={Suguna, N and Thanushkodi, K},
  journal={International Journal of Computer Science Issues},
  volume={7},
  number={2},
  pages={18--21},
  year={2010}
}

@inproceedings{ratsch2004brief,
  title={A brief introduction into machine learning},
  author={R{\"a}tsch, Gunnar},
  booktitle={21st Chaos Communication Congress},
  year={2004}
}

@article{domingos2012few,
  title={A few useful things to know about machine learning},
  author={Domingos, Pedro},
  journal={Communications of the ACM},
  volume={55},
  number={10},
  pages={78--87},
  year={2012},
  publisher={ACM}
}

@book{mitchell1998introduction,
  title={An Introduction to Genetic Algorithms},
  author={Mitchell, Melanie},
  year={1998},
  publisher={MIT press}
}

@article{whitley1994genetic,
  title={A genetic algorithm tutorial},
  author={Whitley, Darrell},
  journal={Statistics and Computing},
  volume={4},
  number={2},
  pages={65--85},
  year={1994},
  publisher={Springer}
}

@article{sathya2013comparison,
  title={Comparison of supervised and unsupervised learning algorithms for pattern classification},
  author={Sathya, R and Abraham, Annamma},
  journal={Int. J. Adv. Res. Artificial Intell},
  volume={2},
  number={2},
  pages={34--38},
  year={2013},
  publisher={Citeseer}
}

@inproceedings{cummings1998state,
  title={State machine coding styles for synthesis},
  author={Cummings, Clifford E and others},
  booktitle={SNUG'98 (Synopsys Users Group San Jose, CA, 1998) Proceedings},
  year={1998}
}

@article{magalhaes2013comparative,
  title={A comparative study of crossover operators for genetic algorithms to solve the job shop scheduling problem},
  author={Magalhaes-Mendes, Jorge},
  journal={WSEAS Transactions on Computers},
  volume={12},
  number={4},
  pages={164--173},
  year={2013}
}

@book{mohri2012foundations,
  title={Foundations of machine learning},
  author={Mohri, Mehryar and Rostamizadeh, Afshin and Talwalkar, Ameet},
  year={2012},
  publisher={MIT press}
}

@article{duda2001unsupervised,
  title={Unsupervised learning and clustering},
  author={Duda, Richard O and Hart, Peter E and Stork, David G},
  journal={Pattern classification},
  pages={519--598},
  year={2001},
  publisher={Wiley New York; Chichester}
}

@incollection{borda2011statistical,
  title={Statistical and Informational Model of an ITS},
  author={Borda, Monica},
  booktitle={Fundamentals in Information Theory and Coding},
  pages={7--52},
  year={2011},
  publisher={Springer}
}

@book{holland1975adaptation,
  title={Adaptation in natural and artificial systems: an introductory analysis with applications to biology, control, and artificial intelligence.},
  author={Holland, John H},
  year={1975},
  publisher={U Michigan Press}
}

@book{muller2005problems,
  title={Problems, methods, and challenges in comprehensive data cleansing},
  author={M{\"u}ller, Heiko and Freytag, Johann-Christph},
  year={2005},
  publisher={Professoren des Inst. F{\"u}r Informatik}
}

@article{kotsiantis2006data,
  title={Data preprocessing for supervised leaning},
  author={Kotsiantis, SB and Kanellopoulos, D and Pintelas, PE},
  journal={International Journal of Computer Science},
  volume={1},
  number={2},
  pages={111--117},
  year={2006}
}

@article{rubin2002statistical,
  title={Statistical analysis with missing data},
  author={Rubin, Donald B and Little, Roderick JA},
  journal={Hoboken, NJ: J Wiley \& Sons},
  year={2002}
}

@misc{allison1999multiple,
  title={Multiple imputation for missing data: A cautionary tale},
  author={Allison, Paul D},
  year={1999},
  publisher={Philadelphia}
}

%DECISION MAKING

@book{triantaphyllou2013multi,
  title={Multi-criteria decision making methods: a comparative study},
  author={Triantaphyllou, Evangelos},
  volume={44},
  year={2013},
  publisher={Springer Science \& Business Media}
}

@book{plous1993psychology,
  title={The psychology of judgment and decision making.},
  author={Plous, Scott},
  year={1993},
  publisher={Mcgraw-Hill Book Company}
}

@article{solomonoff1964formal,
  title={A formal theory of inductive inference. Part I},
  author={Solomonoff, Ray J},
  journal={Information and control},
  volume={7},
  number={1},
  pages={1--22},
  year={1964},
  publisher={Elsevier}
}

%python e pandas

@article{mckinney2014pandas,
  title={Pandas, Python Data Analysis Library. 2015},
  author={McKinney, W},
  journal={Reference Source},
  year={2014}
}

@misc{van2007python,
  title={Python language website},
  author={van Rossum, Guido and others},
  year={2007}
}

@inproceedings{thornton2013auto,
  title={Auto-WEKA: Combined selection and hyperparameter optimization of classification algorithms},
  author={Thornton, Chris and Hutter, Frank and Hoos, Holger H and Leyton-Brown, Kevin},
  booktitle={Proceedings of the 19th ACM SIGKDD international conference on Knowledge discovery and data mining},
  pages={847--855},
  year={2013},
  organization={ACM}
}

@article{pedregosa2011scikit,
  title={Scikit-learn: Machine learning in Python},
  author={Pedregosa, Fabian and Varoquaux, Ga{\"e}l and Gramfort, Alexandre and Michel, Vincent and Thirion, Bertrand and Grisel, Olivier and Blondel, Mathieu and Prettenhofer, Peter and Weiss, Ron and Dubourg, Vincent and others},
  journal={Journal of Machine Learning Research},
  volume={12},
  number={Oct},
  pages={2825--2830},
  year={2011}
}
